<record><leader>00000cas a22000007a 4500</leader><controlfield tag="001">12576780</controlfield><controlfield tag="008">850919d19131914mtucr ne      0    0eng d</controlfield><datafield ind1=" " ind2=" " tag="010"><subfield code="a">sn 85053293 </subfield></datafield><datafield ind1=" " ind2=" " tag="040"><subfield code="a">MTL</subfield><subfield code="b">eng</subfield><subfield code="c">MTL</subfield><subfield code="d">OCLCQ</subfield><subfield code="d">DLC</subfield></datafield><datafield ind1=" " ind2=" " tag="042"><subfield code="a">msc</subfield></datafield><datafield ind1="0" ind2=" " tag="130"><subfield code="a">Lincoln County herald (Libby, Mont.)</subfield></datafield><datafield ind1="1" ind2="0" tag="245"><subfield code="a">Lincoln County herald.</subfield></datafield><datafield ind1=" " ind2=" " tag="260"><subfield code="a">Libby, Mont. :</subfield><subfield code="b">J.T. Farris,</subfield><subfield code="c">1913-1914.</subfield></datafield><datafield ind1=" " ind2=" " tag="300"><subfield code="a">3 v. :</subfield><subfield code="b">ill.</subfield></datafield><datafield ind1=" " ind2=" " tag="310"><subfield code="a">Semiweekly,</subfield><subfield code="b">Apr. 28-July 31, 1914</subfield></datafield><datafield ind1=" " ind2=" " tag="321"><subfield code="a">Weekly,</subfield><subfield code="b">Sept. 26, 1913-Apr. 24, 1914</subfield></datafield><datafield ind1="0" ind2=" " tag="362"><subfield code="a">Vol. 3, no. 16 (Sept. 26, 1913)-v. 5, no. 15 (July 31, 1914).</subfield></datafield><datafield ind1=" " ind2=" " tag="752"><subfield code="a">United States</subfield><subfield code="b">Montana</subfield><subfield code="c">Lincoln</subfield><subfield code="d">Libby.</subfield></datafield><datafield ind1="0" ind2="0" tag="780"><subfield code="t">Libby herald</subfield><subfield code="x">2329-5570</subfield><subfield code="w">(DLC)sn 85053292</subfield><subfield code="w">(OCoLC)12576723</subfield></datafield><datafield ind1="0" ind2="4" tag="785"><subfield code="t">Kootenai times</subfield><subfield code="g">Aug. 5, 1915</subfield><subfield code="w">(DLC)sn 85053371</subfield></datafield></record>